@BOOK{DUMMY:1,
AUTHOR="John Doe",
TITLE="The Book without Title",
PUBLISHER="Dummy Publisher",
YEAR="2100",
}

@misc{emailstatistics,
	TITLE="Email Statistics Report, 2014-2018",
	AUTHOR="Sara Radicati",
	howpublished="\href{http://www.radicati.com/wp/wp-content/uploads/2014/01/Email-Statistics-Report-2014-2018-Executive-Summary.pdf}{http://www.radicati.com/wp/wp-content/uploads/2014/01/Email-Statistics-Report-2014-2018-Executive-Summary.pdf}"
}

@misc{fbetawikipedia,
	TITLE="F1 score",
	AUTHOR="Wikipedia",
	howpublished="\href{https://en.wikipedia.org/wiki/F1\_score}{https://en.wikipedia.org/wiki/F1\_score}"
}

@article{learningrulesthatclassifyemail,
	author="William W. Cohen",
	title="Learning Rules that Classify E-Mail",
	journal="AAAI Technical Report SS-96-05",
	year="1996"
}

@article{filteringjunkemail,
	author="Mehran Sahami, Susan Dumais, David Heckerman, and Eric Horvitz",
	title="A Bayesian Approach to Filtering Junk E-Mail",
	year=1998,
	journal="AAAI Technical Reports SS-98-05-009"
}

@article{enroncorpus,
	author="Bryan Klimt and Yiming Yang",
	title="The Enron Corpus: A New Dataset for Email Classification Research",
	year=2004,
	journal="EMCL 2004",
	pages="217-226"
}

@article{emailclassification,
	author="Svetlana Kiritchencko and Stan Matwin",
	title="Email Classification with Co-Training",
	year=2001,
	journal="Proceedings of the 2001 Conference of the Centre for Advanced Studies on Collaborative Research",
	pages="8"
}

@article{Weber:2012tv,
author = {Weber, Ingmar and Maarek, Yoelle and Koren, Yehuda Arie and Inc, Yahoo},
title = {{Mining email inboxes for suggesting actions}},
year = {2012},
month = nov
}

@article{Romero:2005vs,
author = {Romero, Timothy and KK, WIZAZ},
title = {{Method and apparatus for providing feedback for email filtering}},
year = {2005},
month = mar
}

%% Created using Papers on Fri, 26 Oct 2018.
%% http://papersapp.com/papers/

@article{Goodman:2014ug,
author = {Goodman, Robert F and Gretzinger, Michael R and Burkhardt, John R and Schiff, Rachel R and Claydon, Barnaby M and Rae, Katherine W and Sturtevant, Reed P and Corp, Microsoft},
title = {{Email characterization}},
year = {2014},
month = jan
}

@article{Bellegarda:2010wk,
author = {Bellegarda, Jerome R and Naik, Devang and Silverman, Kim E A and Inc, Apple},
title = {{Method and apparatus for filtering email}},
year = {2010},
month = dec
}

